<record><leader>00000cas a2200000 a 4500</leader><controlfield tag="001">40960227</controlfield><controlfield tag="008">990315d189319uuvtuuu ne      0    0eng c</controlfield><datafield ind1=" " ind2=" " tag="010"><subfield code="a">sn 99067805 </subfield></datafield><datafield ind1=" " ind2=" " tag="040"><subfield code="a">NVN</subfield><subfield code="b">eng</subfield><subfield code="c">NVN</subfield><subfield code="d">OCLCQ</subfield><subfield code="d">OCLCF</subfield><subfield code="d">OCLCO</subfield></datafield><datafield ind1=" " ind2=" " tag="042"><subfield code="a">pcc</subfield></datafield><datafield ind1=" " ind2=" " tag="043"><subfield code="a">n-us-vt</subfield></datafield><datafield ind1="0" ind2="0" tag="245"><subfield code="a">Williamstown herald.</subfield></datafield><datafield ind1=" " ind2=" " tag="260"><subfield code="a">Williamstown, Vt. :</subfield><subfield code="b">[s.n.]</subfield></datafield><datafield ind1=" " ind2=" " tag="300"><subfield code="a">v.</subfield></datafield><datafield ind1="1" ind2=" " tag="362"><subfield code="a">Began in 1893?</subfield></datafield><datafield ind1=" " ind2=" " tag="588"><subfield code="a">Description based on: Vol. 12, no. 51 (Dec. 21, 1904).</subfield></datafield><datafield ind1=" " ind2="0" tag="651"><subfield code="a">Williamstown (Vt. : Town)</subfield><subfield code="v">Newspapers.</subfield></datafield><datafield ind1=" " ind2="0" tag="651"><subfield code="a">Washington County (Vt.)</subfield><subfield code="v">Newspapers.</subfield></datafield><datafield ind1=" " ind2="0" tag="651"><subfield code="a">Vermont</subfield><subfield code="v">Newspapers.</subfield></datafield><datafield ind1=" " ind2="7" tag="655"><subfield code="a">Newspapers.</subfield><subfield code="2">fast</subfield><subfield code="0">(OCoLC)fst01423814</subfield></datafield><datafield ind1=" " ind2="7" tag="651"><subfield code="a">Vermont.</subfield><subfield code="2">fast</subfield><subfield code="0">(OCoLC)fst01204305</subfield></datafield><datafield ind1=" " ind2="7" tag="651"><subfield code="a">Vermont</subfield><subfield code="z">Washington County.</subfield><subfield code="2">fast</subfield><subfield code="0">(OCoLC)fst01221123</subfield></datafield><datafield ind1=" " ind2="7" tag="651"><subfield code="a">Vermont</subfield><subfield code="z">Williamstown (Town)</subfield><subfield code="2">fast</subfield><subfield code="0">(OCoLC)fst01334669</subfield></datafield><datafield ind1=" " ind2=" " tag="752"><subfield code="a">United States</subfield><subfield code="b">Vermont</subfield><subfield code="c">Washington</subfield><subfield code="d">Williamstown.</subfield></datafield></record>